@software{The_JuliaSmoothOptimizers_Ecosystem,
author = {Migot, Tangi and Orban, Dominique and Soares Siqueira, Abel and contributors},
license = {MPL-2.0},
month = feb,
title = {{The JuliaSmoothOptimizers Ecosystem for Numerical Linear Algebra and Optimization in Julia}},
doi = {10.5281/zenodo.2655082},
url = {https://jso.dev},
year = {2024}
}

@book{nocedal1999numerical,
  title={Numerical optimization},
  author={Nocedal, Jorge and Wright, Stephen J},
  year={1999},
  publisher={Springer},
  url={https://www.math.uci.edu/~qnie/Publications/NumericalOptimization.pdf}
}

@article{Audet2014,
  title = {Optimization of algorithms with OPAL},
  volume = {6},
  ISSN = {1867-2957},
  url = {http://dx.doi.org/10.1007/s12532-014-0067-x},
  DOI = {10.1007/s12532-014-0067-x},
  number = {3},
  journal = {Mathematical Programming Computation},
  publisher = {Springer Science and Business Media LLC},
  author = {Audet,  Charles and Dang,  Kien-Cong and Orban,  Dominique},
  year = {2014},
  month = mar,
  pages = {233â€“254}
}